<record><leader>00000cas a2200000 a 4500</leader><controlfield tag="001">12560548</controlfield><controlfield tag="008">850916d18931982utuwr ne      0   a0eng  </controlfield><datafield ind1=" " ind2=" " tag="010"><subfield code="a">sn 85058259 </subfield></datafield><datafield ind1=" " ind2=" " tag="040"><subfield code="a">UNP</subfield><subfield code="b">eng</subfield><subfield code="c">UNP</subfield><subfield code="d">OCLCQ</subfield><subfield code="d">UBY</subfield><subfield code="d">DLC</subfield><subfield code="d">OCLCQ</subfield><subfield code="d">OCLCF</subfield></datafield><datafield ind1=" " ind2=" " tag="012"><subfield code="l">a</subfield></datafield><datafield ind1="1" ind2=" " tag="022"><subfield code="a">2159-3825</subfield><subfield code="2">1</subfield></datafield><datafield ind1="1" ind2=" " tag="029"><subfield code="a">AU@</subfield><subfield code="b">000023482055</subfield></datafield><datafield ind1=" " ind2=" " tag="042"><subfield code="a">pcc</subfield><subfield code="a">nsdp</subfield></datafield><datafield ind1=" " ind2=" " tag="043"><subfield code="a">n-us-ut</subfield></datafield><datafield ind1="0" ind2="0" tag="050"><subfield code="a">Newspaper</subfield></datafield><datafield ind1=" " ind2="0" tag="222"><subfield code="a">Iron County record</subfield></datafield><datafield ind1="0" ind2="0" tag="245"><subfield code="a">Iron County record.</subfield></datafield><datafield ind1=" " ind2=" " tag="260"><subfield code="a">Cedar City, Utah :</subfield><subfield code="b">W.C. Higgins,</subfield><subfield code="c">-1982.</subfield></datafield><datafield ind1=" " ind2=" " tag="300"><subfield code="a">v. :</subfield><subfield code="b">ill. ;</subfield><subfield code="c">52 cm.</subfield></datafield><datafield ind1=" " ind2=" " tag="310"><subfield code="a">Weekly</subfield></datafield><datafield ind1=" " ind2=" " tag="321"><subfield code="a">Semiweekly,</subfield><subfield code="b">Feb. 24-Mar. 6, 1914, Nov. 14, 1928-Dec. 19, 1931</subfield></datafield><datafield ind1=" " ind2=" " tag="321"><subfield code="a">Daily,</subfield><subfield code="b">Sept. 22-24, 1920</subfield></datafield><datafield ind1="1" ind2=" " tag="362"><subfield code="a">Began with Dec. 8, 1893 issue.</subfield><subfield code="z">Cf. Alter, J.C. Early Utah journalism.</subfield></datafield><datafield ind1="0" ind2=" " tag="362"><subfield code="a">-v. 90, no. 48 (Dec. 8, 1982).</subfield></datafield><datafield ind1=" " ind2=" " tag="500"><subfield code="a">"Golden Spike Celebration Edition" issued Aug. 24, 1923.</subfield></datafield><datafield ind1=" " ind2=" " tag="515"><subfield code="a">Sept. 7, 1930 issue incorrectly dated Sept. 3.</subfield></datafield><datafield ind1=" " ind2=" " tag="515"><subfield code="a">June 3, 1931 issue incorrectly dated June 6.</subfield></datafield><datafield ind1=" " ind2=" " tag="515"><subfield code="a">Nov. 4, 1931 issue incorrectly dated Oct. 31.</subfield></datafield><datafield ind1=" " ind2=" " tag="525"><subfield code="a">Supplements accompany many issues.</subfield></datafield><datafield ind1=" " ind2=" " tag="525"><subfield code="a">Utah State Press Association supplement issued each June, &lt;1925-1930&gt;.</subfield></datafield><datafield ind1=" " ind2=" " tag="525"><subfield code="a">Farm, ranch and garden supplement issued each Spring, &lt;1960-1966&gt;, &lt;1973-1978&gt;.</subfield></datafield><datafield ind1=" " ind2=" " tag="525"><subfield code="a">Utah Shakespeare festival supplement issued each July, &lt;1975-1982&gt;.</subfield></datafield><datafield ind1=" " ind2=" " tag="530"><subfield code="a">Archived issues are available in digital format as part of the Library of Congress Chronicling America online collection.</subfield></datafield><datafield ind1=" " ind2=" " tag="580"><subfield code="a">Absorbed: Observer (Cedar City, Utah) (non-extant?).</subfield></datafield><datafield ind1=" " ind2=" " tag="580"><subfield code="a">Absorbed by: Cedar City spectrum.</subfield></datafield><datafield ind1=" " ind2=" " tag="588"><subfield code="a">Description based on: Vol. 1, no. 43 (Sept. 28, 1894).</subfield></datafield><datafield ind1=" " ind2="0" tag="651"><subfield code="a">Cedar City (Utah)</subfield><subfield code="v">Newspapers.</subfield></datafield><datafield ind1=" " ind2="7" tag="655"><subfield code="a">Newspapers.</subfield><subfield code="2">fast</subfield><subfield code="0">(OCoLC)fst01423814</subfield></datafield><datafield ind1=" " ind2="7" tag="651"><subfield code="a">Utah</subfield><subfield code="z">Cedar City.</subfield><subfield code="2">fast</subfield><subfield code="0">(OCoLC)fst01222714</subfield></datafield><datafield ind1=" " ind2=" " tag="752"><subfield code="a">United States</subfield><subfield code="b">Utah</subfield><subfield code="c">Iron</subfield><subfield code="d">Cedar City.</subfield></datafield><datafield ind1="1" ind2="5" tag="780"><subfield code="t">Observer (Cedar City, Utah)</subfield></datafield><datafield ind1="1" ind2="4" tag="785"><subfield code="t">Cedar City spectrum</subfield><subfield code="w">(DLC)sn 85058260</subfield><subfield code="w">(OCoLC)12560567</subfield></datafield><datafield ind1="4" ind2="1" tag="856"><subfield code="u">http://www.loc.gov/chroniclingamerica/lccn/sn85058259/issues</subfield></datafield></record>